<?xml version="1.0" encoding="UTF-8"?>
<record xmlns="http://www.loc.gov/MARC21/slim" xmlns:xsi="http://www.w3.org/2001/XMLSchema-instance" xsi:schemaLocation="http://www.loc.gov/MARC21/slim http://www.loc.gov/standards/marcxml/schema/MARC21slim.xsd">
<leader>00000cam a22      i 4500</leader>
<controlfield tag="001">002855503</controlfield>
<controlfield tag="003">NNU</controlfield>
<controlfield tag="005">20141114170444.0</controlfield>
<controlfield tag="008">870817s1957    iq       b    000 0 arar</controlfield>
<datafield tag="010" ind1=" " ind2=" ">
<subfield code="a">ne 67001689</subfield>
</datafield>
<datafield tag="035" ind1=" " ind2=" ">
<subfield code="a">(OCoLC)33109627</subfield>
<subfield code="z">(OCoLC)417473970</subfield>
</datafield>
<datafield tag="040" ind1=" " ind2=" ">
<subfield code="a">DLC</subfield>
<subfield code="b">eng</subfield>
<subfield code="c">MNU</subfield>
<subfield code="d">DLC</subfield>
<subfield code="d">PAU</subfield>
<subfield code="d">OCLCO</subfield>
<subfield code="d">OCLCF</subfield>
<subfield code="d">OCLCO</subfield>
<subfield code="d">OCLCQ</subfield>
</datafield>
<datafield tag="042" ind1=" " ind2=" ">
<subfield code="a">premarc</subfield>
</datafield>
<datafield tag="043" ind1=" " ind2=" ">
<subfield code="a">e-sp---</subfield>
</datafield>
<datafield tag="050" ind1=" " ind2="4">
<subfield code="a">PJ7755.I199</subfield>
<subfield code="b">Z7</subfield>
</datafield>
<datafield tag="050" ind1="0" ind2="0">
<subfield code="a">PJ7755.I197</subfield>
<subfield code="b">Z73</subfield>
</datafield>
<datafield tag="100" ind1="1" ind2=" ">
<subfield code="6">880-01</subfield>
<subfield code="a">Khāliṣ, Ṣalāḥ,</subfield>
<subfield code="e">author.</subfield>
</datafield>
<datafield tag="245" ind1="1" ind2="0">
<subfield code="6">880-02</subfield>
<subfield code="a">Muḥammad ibn ʻAmmār al-Andalusī,</subfield>
<subfield code="b">dirāsah adabīyah taʼrīkhīyah li-almaʼ shakhṣīyah siyāsīyah fī taʼrīkh dawlat Banī ʻAbbād fī Ishbīlīyah.</subfield>
<subfield code="c">Taʼlīf Ṣalāḥ Khāliṣ.</subfield>
</datafield>
<datafield tag="264" ind1=" " ind2="1">
<subfield code="6">880-03</subfield>
<subfield code="a">Baghdād,</subfield>
<subfield code="b">Maṭbaʻah al-Hadī,</subfield>
<subfield code="c">1957.</subfield>
</datafield>
<datafield tag="300" ind1=" " ind2=" ">
<subfield code="a">337 pages</subfield>
<subfield code="c">24 cm</subfield>
</datafield>
<datafield tag="336" ind1=" " ind2=" ">
<subfield code="a">text</subfield>
<subfield code="b">txt</subfield>
<subfield code="2">rdacontent</subfield>
</datafield>
<datafield tag="337" ind1=" " ind2=" ">
<subfield code="a">unmediated</subfield>
<subfield code="b">n</subfield>
<subfield code="2">rdamedia</subfield>
</datafield>
<datafield tag="338" ind1=" " ind2=" ">
<subfield code="a">volume</subfield>
<subfield code="b">nc</subfield>
<subfield code="2">rdacarrier</subfield>
</datafield>
<datafield tag="490" ind1="1" ind2=" ">
<subfield code="6">880-04</subfield>
<subfield code="a">Ḥayāh al-adabīyah fī Ishbīlīyah fī al-qarn al-khāmis ;</subfield>
<subfield code="v">3</subfield>
</datafield>
<datafield tag="504" ind1=" " ind2=" ">
<subfield code="a">Includes bibliographical references (pages 334-337).</subfield>
</datafield>
<datafield tag="600" ind1="1" ind2="0">
<subfield code="6">880-05</subfield>
<subfield code="a">Ibn ʻAmmār, Muḥammad,</subfield>
<subfield code="d">1030 or 1031-1084 or 1085.</subfield>
</datafield>
<datafield tag="650" ind1=" " ind2="0">
<subfield code="a">Poets, Arab</subfield>
<subfield code="z">Spain</subfield>
<subfield code="v">Biography.</subfield>
</datafield>
<datafield tag="650" ind1=" " ind2="0">
<subfield code="a">Abbadides.</subfield>
</datafield>
<datafield tag="600" ind1="1" ind2="7">
<subfield code="a">Ibn ʻAmmār, Muḥammad,</subfield>
<subfield code="d">1030 or 1031-1084 or 1085</subfield>
<subfield code="2">fast</subfield>
<subfield code="0">(OCoLC)fst01825408</subfield>
</datafield>
<datafield tag="650" ind1=" " ind2="7">
<subfield code="a">Abbadides.</subfield>
<subfield code="2">fast</subfield>
<subfield code="0">(OCoLC)fst00794210</subfield>
</datafield>
<datafield tag="650" ind1=" " ind2="7">
<subfield code="a">Poets, Arab.</subfield>
<subfield code="2">fast</subfield>
<subfield code="0">(OCoLC)fst01067812</subfield>
</datafield>
<datafield tag="651" ind1=" " ind2="7">
<subfield code="a">Spain.</subfield>
<subfield code="2">fast</subfield>
<subfield code="0">(OCoLC)fst01204303</subfield>
</datafield>
<datafield tag="655" ind1=" " ind2="7">
<subfield code="a">Biography.</subfield>
<subfield code="2">fast</subfield>
<subfield code="0">(OCoLC)fst01423686</subfield>
</datafield>
<datafield tag="700" ind1="1" ind2=" ">
<subfield code="6">880-06</subfield>
<subfield code="a">Ibn ʻAmmār, Muḥammad,</subfield>
<subfield code="d">1030 or 1031-1084 or 1085.</subfield>
</datafield>
<datafield tag="880" ind1="1" ind2=" ">
<subfield code="6">100-01/</subfield>
<subfield code="a">خالص، صلاح،</subfield>
<subfield code="e">author.</subfield>
</datafield>
<datafield tag="880" ind1="1" ind2="0">
<subfield code="6">245-02/</subfield>
<subfield code="a">محمد بن عمار الأندلسي،</subfield>
<subfield code="b">دراسة ادبية تأريخية لالمأ شخصية سياسية في تأريخ دولة بني عباد في إشبيلية.</subfield>
<subfield code="c">تأليف صلاح خالص.</subfield>
</datafield>
<datafield tag="880" ind1=" " ind2="1">
<subfield code="6">264-03/</subfield>
<subfield code="a">بغداد،</subfield>
<subfield code="b">مطبعة الهدي،</subfield>
<subfield code="c">1957.</subfield>
</datafield>
<datafield tag="880" ind1="1" ind2=" ">
<subfield code="6">490-04/</subfield>
<subfield code="a">حياة الادبية في إشبيلية في القرن الخامس ؛</subfield>
<subfield code="v">3</subfield>
</datafield>
<datafield tag="880" ind1="1" ind2="4">
<subfield code="6">600-05/</subfield>
<subfield code="a">ابن عمار، محمد،,</subfield>
<subfield code="d">1030 or 1031-1084 or 1085.</subfield>
</datafield>
<datafield tag="880" ind1="0" ind2=" ">
<subfield code="6">700-06/</subfield>
<subfield code="a">إبن عمار، محمد.</subfield>
</datafield>
<datafield tag="800" ind1="1" ind2=" ">
<subfield code="6">880-07</subfield>
<subfield code="a">Khāliṣ, Ṣalāḥ.</subfield>
<subfield code="t">Ḥayāh al-adabīyah fī Ishbīlīyah fī al-qarn al-khāmis ;</subfield>
<subfield code="v">3.</subfield>
</datafield>
<datafield tag="880" ind1="1" ind2=" ">
<subfield code="6">800-07/</subfield>
<subfield code="a">خالص، صلاح.</subfield>
<subfield code="t">حياة الأدبية في إشبيلية في القرن الخامس ؛</subfield>
<subfield code="v">3.</subfield>
</datafield>
<datafield tag="OWN" ind1=" " ind2=" ">
<subfield code="a">GENERAL</subfield>
</datafield>
<datafield tag="AVA" ind1=" " ind2=" ">
<subfield code="a">NYU50</subfield>
<subfield code="b">BOBST</subfield>
<subfield code="c">Main Collection</subfield>
<subfield code="d">PJ7755.I199 Z7</subfield>
<subfield code="e">unavailable</subfield>
<subfield code="t">Unavailable</subfield>
<subfield code="f">1</subfield>
<subfield code="g">1</subfield>
<subfield code="h">N</subfield>
<subfield code="i">1</subfield>
<subfield code="j">MAIN</subfield>
<subfield code="k">0</subfield>
</datafield>
</record>
